@book{Tapscott2016,
 author = {Tapscott, Don and Tapscott, Alex},
 title = {Blockchain Revolution: How the Technology Behind Bitcoin Is Changing Money, Business, and the World},
 year = {2016},
 isbn = {1101980133, 9781101980132},
 publisher = {Portfolio},
} 

@article{Burrows1990,
 author = {Burrows, Michael and Abadi, Martin and Needham, Roger},
 title = {A Logic of Authentication},
 journal = {ACM Trans. Comput. Syst.},
 issue_date = {Feb. 1990},
 volume = {8},
 number = {1},
 month = feb,
 year = {1990},
 issn = {0734-2071},
 pages = {18--36},
 numpages = {19},
 url = {http://doi.acm.org/10.1145/77648.77649},
 doi = {10.1145/77648.77649},
 acmid = {77649},
 publisher = {ACM},
 address = {New York, NY, USA},
} 

@inproceedings{provchain,
  title={Provchain: A blockchain-based data provenance architecture in cloud environment with enhanced privacy and availability},
  author={Liang, Xueping and Shetty, Sachin and Tosh, Deepak and Kamhoua, Charles and Kwiat, Kevin and Njilla, Laurent},
  booktitle={Proceedings of the 17th IEEE/ACM International Symposium on Cluster, Cloud and Grid Computing},
  pages={468--477},
  year={2017},
  organization={IEEE Press}
}

@article{ontology,
  title={Toward an ontology-driven blockchain design for supply-chain provenance},
  author={Kim, Henry M and Laskowski, Marek},
  journal={Intelligent Systems in Accounting, Finance and Management},
  volume={25},
  number={1},
  pages={18--27},
  year={2018},
  publisher={Wiley Online Library}
}


@inproceedings{europe,
  title={A blockchain-based approach for data accountability and provenance tracking},
  author={Neisse, Ricardo and Steri, Gary and Nai-Fovino, Igor},
  booktitle={Proceedings of the 12th International Conference on Availability, Reliability and Security},
  pages={14},
  year={2017},
  organization={ACM}
}


@article{ramachandran,
  title={Using Blockchain and smart contracts for secure data provenance management},
  author={Ramachandran, Aravind and Kantarcioglu, Dr and others},
  journal={arXiv preprint arXiv:1709.10000},
  year={2017}
}

@article{deshpande2017distributed,
  title={Distributed Ledger Technologies/Blockchain: Challenges, opportunities and the prospects for standards},
  author={Deshpande, Advait and Stewart, Katherine and Lepetit, Louise and Gunashekar, Salil},
  journal={Overview report The British Standards Institution (BSI)},
  year={2017}
}

@article{abeyratne2016blockchain,
  title={Blockchain ready manufacturing supply chain using distributed ledger},
  author={Abeyratne, Saveen A and Monfared, Radmehr P},
  year={2016},
  publisher={{\copyright} The Authors. Published by eSAT}
}


@article{mattila2016product,
  title={Product-centric information management: A case study of a shared platform with blockchain technology},
  author={Mattila, Juri and Sepp{\"a}l{\"a}, Timo and Holmstr{\"o}m, Jan},
  year={2016}
}


@article{toyoda2017novel,
  title={A novel blockchain-based product ownership management system (POMS) for anti-counterfeits in the post supply chain},
  author={Toyoda, Kentaroh and Mathiopoulos, P Takis and Sasase, Iwao and Ohtsuki, Tomoaki},
  journal={IEEE Access},
  volume={5},
  pages={17465--17477},
  year={2017},
  publisher={IEEE}
}


@inproceedings{lopez13,
  title={A Secure Framework to Authenticate Remotely Digital Documents based on The TLS Protocol},
  author={L\'opez Pimentel, Juan C.  and Ibarra Orozco, Rodolfo E. and Ramos Fon Bon, Victor F. and Monroy, Raul},
  booktitle={Proceedings of the World Congress on Engineering 2013},
  volume = {II},
  pages={7},
  year={2013},
  organization={WCE}
}

@misc{coindesk,
title={Four Genuine Blockchain Use Cases},
author={Greenspan, Gideon},
year={2106},
URL={https://www.coindesk.com/four-genuine-blockchain-use-cases/}
}

@article{atzori2015blockchain,
  title={Blockchain technology and decentralized governance: Is the state still necessary?},
  author={Atzori, Marcella},
  year={2015}
}

@article{art,
author = {Lawrence M. Shindell},
title = {Provenance and title risks in the art industry: mitigating these risks in museum management and curatorship},
journal = {Museum Management and Curatorship},
volume = {31},
number = {5},
pages = {406-417},
year  = {2016},
publisher = {Routledge},
doi = {10.1080/09647775.2016.1227569},
URL = {        https://doi.org/10.1080/09647775.2016.1227569},
eprint = { https://doi.org/10.1080/09647775.2016.1227569}
}


@INPROCEEDINGS{block, 
author={R. Chatterjee and R. Chatterjee}, 
booktitle={2017 3rd International Conference on Computational Intelligence and Networks (CINE)}, 
title={An Overview of the Emerging Technology: Blockchain}, 
year={2017}, 
volume={}, 
number={}, 
pages={126-127}, 
keywords={cryptography;data privacy;electronic money;financial data processing;decentralized distributed ledger;blockchain network;cryptographic currency;blockchain technology;computer science;financial sector;nonfinancial sector;bitcoin;distributed technology;digital events;Bitcoin;Contracts;Protocols;decentralized;distributed;ledger;consensus}, 
doi={10.1109/CINE.2017.33}, 
ISSN={}, 
month={Oct},}

@article{iot,
  title={Blockchains and smart contracts for the internet of things},
  author={Christidis, Konstantinos and Devetsikiotis, Michael},
  journal={Ieee Access},
  volume={4},
  pages={2292--2303},
  year={2016},
  publisher={IEEE}
}

@inproceedings{hawk,
  title={Hawk: The blockchain model of cryptography and privacy-preserving smart contracts},
  author={Kosba, Ahmed and Miller, Andrew and Shi, Elaine and Wen, Zikai and Papamanthou, Charalampos},
  booktitle={2016 IEEE symposium on security and privacy (SP)},
  pages={839--858},
  year={2016},
  organization={IEEE}
}

@article{nakamoto,
  title={Bitcoin: A peer-to-peer electronic cash system},
  author={Nakamoto, Satoshi},
  year={2008},
  publisher={Working Paper}
}

@inproceedings{uses,
  title={Sok: Research perspectives and challenges for bitcoin and cryptocurrencies},
  author={Bonneau, Joseph and Miller, Andrew and Clark, Jeremy and Narayanan, Arvind and Kroll, Joshua A and Felten, Edward W},
  booktitle={Security and Privacy (SP), 2015 IEEE Symposium on},
  pages={104--121},
  year={2015},
  organization={IEEE}
}

@article{ethereum,
  title={Ethereum: A secure decentralised generalised transaction ledger},
  author={Wood, Gavin},
  journal={Ethereum project yellow paper},
  volume={151},
  pages={1--32},
  year={2014}
}

@article{sense,
  title={Making sense of blockchain smart contracts},
  author={Stark, Josh},
  journal={CoinDesk, Published on June},
  volume={4},
  year={2016}
}

@article{lazy,
  title={Smart contracts: The good, the bad and the lazy},
  author={Greenspan, G},
  year={2015}
}

@article{templates,
  title={Smart contract templates: foundations, design landscape and research directions},
  author={Clack, Christopher D and Bakshi, Vikram A and Braine, Lee},
  journal={arXiv preprint arXiv:1608.00771},
  year={2016}
}

@article{dao,
  title={Decentralized autonomous organization to automate governance},
  author={Jentzsch, Christoph},
  journal={White paper, November},
  year={2016}
}

@incollection{daofail,
  title={Experiments in algorithmic governance: A history and ethnography of “The DAO,” a failed decentralized autonomous organization},
  author={DuPont, Quinn},
  booktitle={Bitcoin and Beyond},
  pages={157--177},
  year={2017},
  publisher={Routledge}
}

@inproceedings{securing,
  title={Blockchain contract: Securing a blockchain applied to smart contracts},
  author={Watanabe, Hiroki and Fujimura, Shigeru and Nakadaira, Atsushi and Miyazaki, Yasuhiko and Akutsu, Akihito and Kishigami, Jay},
  booktitle={Consumer Electronics (ICCE), 2016 IEEE International Conference on},
  pages={467--468},
  year={2016},
  organization={IEEE}
}
